@BOOK{2012hpa..book.....L,
       author = {{Lorimer}, D.~R. and {Kramer}, M.},
        title = "{Handbook of Pulsar Astronomy}",
         year = 2012,
       adsurl = {https://ui.adsabs.harvard.edu/abs/2012hpa..book.....L},
      adsnote = {Provided by the SAO/NASA Astrophysics Data System}
}
@ARTICLE{2019MNRAS.490L..12B,
       author = {{Bera}, Apurba and {Chengalur}, Jayaram N.},
        title = "{Super-giant pulses from the Crab pulsar: energy distribution and occurrence rate}",
      journal = {\mnras},
     keywords = {pulsars: general, pulsars: individual (Crab), radio continuum: transients, Astrophysics - High Energy Astrophysical Phenomena, Astrophysics - Solar and Stellar Astrophysics},
         year = 2019,
        month = nov,
       volume = {490},
       number = {1},
        pages = {L12-L16},
          doi = {10.1093/mnrasl/slz140},
archivePrefix = {arXiv},
       eprint = {1909.13812},
 primaryClass = {astro-ph.HE},
       adsurl = {https://ui.adsabs.harvard.edu/abs/2019MNRAS.490L..12B},
      adsnote = {Provided by the SAO/NASA Astrophysics Data System}
}

